@online{skript,
  author = {TU Dortmund},
  title = {Experimente mit Mikrowellen 1},
  url = {http://129.217.224.2/HOMEPAGE/PHYSIKER/BACHELOR/FP/SKRIPT/AnlMikrowelle.pdf},
  url-date = {2015-12-18}

}
