@online{skript,
  author = {TU Dortmund},
  title = {Elektronenspin-Resonanz},
  url-date = {11-02-2016},
  url = {http://129.217.224.2/HOMEPAGE/Anleitung_FPBSc.html}
}
