@manual{sample,
  author = {TU Dortmund},
  title = {Versuch zum Literaturverzeichnis},
  year = 2014
}
@online{dichte_pom,
  author = {Wilhelm Herm. MÃ¼ller},
  title = {Werkstoffdatenblatt POM schwarz},
  url-date = {2016-01-29},
  url = {http://www.whm.net/content/de/download/res/14531-3.pdf}
}
@online{dichte_rest,
  author = {Wikibooks},
  title = {Tabellensammlung Chemie/ Dichte fester Stoffe},
  url-date = {2016-01-29},
  url = {https://de.wikibooks.org/wiki/Tabellensammlung_Chemie/_Dichte_fester_Stoffe}
}
@online{dichte_messing,
  author = {Copper Development Association Inc.},
  title = {C27200, Yellow Brass, Common Brass},
  url-date = {2016-01-29},
  url = {http://alloys.copper.org/alloy/C27200?referrer=facetedsearch}
}
