@online{skript,
  author = {TU Dortmund},
  title = {Faraday-Effekt in Halbleiter},
  url-date = {03-05-2016},
  url = {http://129.217.224.2/HOMEPAGE/PHYSIKER/BACHELOR/FP/SKRIPT/V46.pdf}
}
@online{Hurensohn2, 
  url-date = {18-05-2016},
  url = {http://www.filmetrics.de/refractive-index-database/GaAs/Gallium-Arsenide}
}
@online{Hurensohn1, 
  url-date = {18-05-2016},
  url = {http://pdg.lbl.gov/2015/tables/rpp2015-sum-leptons.pdf}
}
@online{Hurensohn3, 
  url-date = {18-05-2016},
  url = {http://ecee.colorado.edu/~bart/book/effmass.htm}
}
