@online{skript,
  author = {TU Dortmund},
  title = {Temperaturabhängigkeit der Molwärme von
Festkörpern},
  urldate = {2015-11-30},
  url = {http://129.217.224.2/HOMEPAGE/PHYSIKER/BACHELOR/FP/SKRIPT/V47.pdf}
}

@online{stickstoff,
  author = {WebElements},
  title = {Nitrogen},
  urldate = {2015-11-30},
  url = {http://www.webelements.com/nitrogen/}
}

@book{debye-kupfer,
  author = {Charles Kittel},
  title = {Einführung in die Festkörperphysik},
  year = {2005},
  publisher = {Oldenbourg Verlag},
  url = {http://www.webelements.com/nitrogen/}
}